% This file was created with JabRef 2.9.2.
% Encoding: Cp1252

@BOOK{Detemmermanthomas2017,
  title = {Technische voor-en nadelen van Puppet en Ansible. Verloop en redenen van een omschakeling.},
  publisher = {Gent : s.n.},
  year = {2017},
  author = {Detemmerman, Thomas},
  owner = {Jens Uyttersprot},
  timestamp = {2017.12.02}
}

@BOOK{ArmstrongSteven2016,
  title = {DevOps for Networking},
  publisher = {Packt},
  year = {2016},
  author = {Armstrong, Steven},
  owner = {Jens Uyttersprot},
  timestamp = {2017.12.06}
}

@ONLINE{puppet1,
        title = {What is Puppet | Puppet Tutorial for Beginners | Puppet Configuration Management Tutorial | Edureka},
        date = {2017},
        organization = {edureka!},
        author = {Edureka!},
        url = {https://www.youtube.com/watch?v=PL_J5Gj3GAQ},
    }

@ONLINE{puppet2,
        title = {Puppet Tutorial for Beginners Part -1 | Puppet DevOps Tutorial | DevOps Tools | Edureka},
        date = {2016},
        organization = {edureka!},
        author = {Edureka!},
        url = {https://www.youtube.com/watch?v=0yVJhb2VkVk},
    }
    
@ONLINE{chef1,
        title = {Chef Automate: Scaling up your automation},
        date = {2016},
        organization = {Chef Software},
        author = {Andre Elizondo and Bakh Inamov},
        url = {https://www.youtube.com/watch?v=ldY7KEOxCkM},
    }
  
@ONLINE{chef2,
        title = {Understanding the Chef Server},
        date = {2016},
        organization = {Chef Software},
        author = {Irving Popovetsky and Stephen Delano},
        url = {https://www.youtube.com/watch?v=22GtVMHJDsI},
    }